@article{sangster2008hsp90,
  title={HSP90-buffered genetic variation is common in Arabidopsis thaliana},
  author={Sangster, Todd A and Salathia, Neeraj and Lee, Hana N and Watanabe, Etsuko and Schellenberg, Kurt and Morneau, Keith and Wang, Hui and Undurraga, Soledad and Queitsch, Christine and Lindquist, Susan},
  journal={Proceedings of the National Academy of Sciences},
  volume={105},
  number={8},
  pages={2969--2974},
  year={2008},
  publisher={National Acad Sciences},
  doi={10.1111/j.1365-313X.2007.03194.x}
}

@article{salathia2007technical,
  title={Indel arrays: an affordable alternative for genotyping},
  author={Salathia, Neeraj and Lee, Hana N and Sangster, Todd A and Morneau, Keith and Landry, Christian R and Schellenberg, Kurt and Behere, Aditi S and Gunderson, Kevin L and Cavalieri, Duccio and Jander, Georg and others},
  journal={The Plant Journal},
  volume={51},
  number={4},
  pages={727--737},
  year={2007},
  publisher={Blackwell Publishing Ltd},
  doi={10.1073/pnas.0712210105}
}

@article{lee2011natural,
  title={Natural variation in CDC28 underlies morphological phenotypes in an environmental yeast isolate},
  author={Lee, Hana N and Magwene, Paul M and Brem, Rachel B},
  journal={Genetics},
  volume={188},
  number={3},
  pages={723--730},
  year={2011},
  publisher={Genetics Society of America},
  doi={10.1534/genetics.111.128819}
}

@article{lee2013divergence,
  title={Divergence of iron metabolism in wild Malaysian yeast},
  author={Lee, Hana N and Mostovoy, Yulia and Hsu, Tiffany Y and Chang, Amanda H and Brem, Rachel B},
  journal={G3: Genes, Genomes, Genetics},
  volume={3},
  number={12},
  pages={2187--2194},
  year={2013},
  publisher={Genetics Society of America},
  doi={10.1534/g3.113.008011}
}
